@book{mastering_swift3,
  title={{Naučite Swift 3}},
  author={J. Hoffman},
  isbn={978-86-7310-512-3},
  year={2017},
  publisher={Kompjuter biblioteka}
}

@book{swift_programming,
  title={{iOS 8 Osnove programiranja sa Swiftom }},
  author={M. Neuburg},
  isbn={978-86-7991-380-7},
  year={2015},
  publisher={CET}
}

@mastersthesis{rad,
  author={Ivica Milovanović},
  title={Funkcionalno programiranje u Swift jeziku},
  school={Računarski fakultet}
}

@conference{naucni_rad,
author = {M. Rebouças, G. Pinto, F. Ebert, W. Torres, A. Serebrenik, F. Castor},
title = {An Empirical Study on the Usage of the Swift Programming Language},
booktitle = {IEEE 23rd International Conference on Software Analysis, Evolution, and Reengineering (SANER)},
year = {2016}
}

@misc{chris_sajt,
title = {{Chris Lattner's Homepage}},
note = {on-line at: \url{http://nondot.org/sabre/}},
author = {C. Lattner },
year={2019}
}

@misc{swiftdev_sajt,
title = {{Evolution of the Swift}},
note = {on-line at: \url{https://theswiftdev.com/2017/10/03/evolution-of-the-swift-language/}},
author = { T. Bodecs}
}

@misc {arc_sajt,
title = {{A fast look at Swift, Apple's new programming language}},
note = {on-line at: \url{https://arstechnica.com/gadgets/2014/06/a-fast-look-at-swift-apples-new-programming-language/}},
author = {J. Timmer },
year={2019}
}

@misc {thenextweb_sajt,
title = {{Apple announces Swift, a new programming language for iOS and OS X}},
note = {on-line at: \url{https://thenextweb.com/apple/2014/06/02/apple-announces-swift-new-programming-language-ios/}},
author = {O. Williams}
}