@book{mastering_swift3,
  title={{Mastering Swift 3}},
  author={Hoffman J.},
  isbn={978-86-7310-512-3},
  url={https://www.amazon.com/Mastering-Swift-3-Jon-Hoffman/dp/1786466120#reader_B01HD9RZI0},
  year={2016},
  publisher={Packt Publishing}
}

@book{swift_programming,
  title={{iOS 11 Swift Programming Cookbook}},
  author={Nahavandipoor V.},
  isbn={978-1-491-9927-0},
  year={2017},
  publisher={O'Reilly Media}
}



@misc {swift_sajt,
title = {{About Swift}},
note = {on-line at: \url{https://docs.swift.org/swift-book/}},
author = {Apple},
year={2019}
}



@misc {thenextweb_sajt,
title = {{Apple announces Swift, a new programming language for iOS and OS X}},
note = {on-line at: \url{https://thenextweb.com/apple/2014/06/02/apple-announces-swift-new-programming-language-ios/}},
author = {O. Williams}
}




